@unpublished{Brewer2013inference,
address = {Bonn, Germany},
author = {Brewer, Mike and Crossley, Thomas F and Joyce, Robert},
institution = {IZA},
keywords = {cluster robust,difference in diferences,feasible GLS,hypothesis test,power},
number = {7742},
title = {{Inference with difference-in-differences revisited}},
year = {2013}
}

@article{Cameron2008bootstrap,
author = {Cameron, A Colin and Gelbach, Jonah B and Miller, Douglas},
journal = {The Review of Economics and Statistics},
number = {3},
pages = {414--427},
title = {{Bootstrap-based improvements for inference with clustered errors}},
volume = {90},
year = {2008}
}

@unpublished{Cameron2015practitioners,
author = {Cameron, A Colin and Miller, Douglas L},
keywords = {and,cluster bootstrap,cluster e ect,cluster robust,clusters,di erences in di,erences,feasible gls,few,hierarchical,in preparation for the,journal of human resources,models,multi-way clusters,panel data,random e ects,we thank four referees,xed e ects},
title = {{A practitioner's guide to cluster-robust inference}},
year = {2015}
}


@article{Carter2013asymptotic,
author = {Carter, Andrew V and Schnepel, Kevin T and Steigerwald, Douglas G},
file = {:C$\backslash$:/Users/jep2963/Documents/Library/Carter, Schnepel, \& Steigerwald (2013).pdf:pdf},
keywords = {2013 econometric society winter,and ulrich m\"{u}ller,at,at the,cluster robust,colin cameron,corresponding author,for helpful comments,heteroskedasticity,meetings,t test,the econometrics research group,together with members of,uc santa barbara,we thank dick startz,who served as discussant},
mendeley-groups = {sandwiches},
pages = {1--32},
title = {{Asymptotic Behavior of a t Test Robust to Cluster Heterogeneity}},
year = {2013}
}

@article{Ibragimov2010tstatistic,
author = {Ibragimov, Rustam and M\"{u}ller, Ulrich K.},
doi = {10.1198/jbes.2009.08046},
issn = {0735-0015},
journal = {Journal of Business \& Economic Statistics},
keywords = {dependence,fama,least favorable distribution,macbeth method,t -test,variance es-},
number = {4},
pages = {453--468},
title = {{t-Statistic based correlation and heterogeneity robust inference}},
volume = {28},
year = {2010}
}

@unpublished{Imbens2012robust,
address = {Cambridge, MA},
author = {Imbens, Guido W and Kolesar, M},
institution = {National Bureau of Economic Research},
mendeley-groups = {sandwiches},
title = {{Robust standard errors in small samples: some practical advice}},
url = {http://www.nber.org/papers/w18478},
year = {2012}
}

@unpublished{Kezdi2004robust,
author = {Kezdi, G},
booktitle = {Hungarian Statistical Review},
title = {{Robust standard error estimation in fixed-effects panel models}},
url = {http://papers.ssrn.com/sol3/Delivery.cfm?abstractid=596988},
year = {2004}
}

@article{Kline2012score,
address = {Cambridge, MA},
author = {Kline, Patrick and Santos, Andres},
doi = {10.1515/2156-6674.1006},
isbn = {21566674},
issn = {2156-6674},
journal = {Journal of Econometric Methods},
number = {1},
title = {{A score based approach to wild bootstrap inference}},
volume = {1},
year = {2012}
}


@article{McCaffrey2006improved,
author = {McCaffrey, Daniel F and Bell, Robert M},
doi = {10.1002/sim.2502},
issn = {0277-6715},
journal = {Statistics in medicine},
keywords = {Cluster Analysis,Computer Simulation,Data Interpretation,Humans,Linear Models,Statistical},
number = {23},
pages = {4081--98},
pmid = {16456895},
title = {{Improved hypothesis testing for coefficients in generalized estimating equations with small samples of clusters.}},
volume = {25},
year = {2006}
}

@inproceedings{McCaffrey2001generalizations,
author = {McCaffrey, Daniel F and Bell, Robert M and Botts, Carsten H},
booktitle = {Proceedings of the Annual Meeting of the American Statistical Association},
file = {:C$\backslash$:/Users/jep2963/Documents/Library/McCaffrey, Bell, Botts - 2001 - Generalizations of biased reduced linearization.pdf:pdf},
mendeley-groups = {meta-analysis/robust standard errors,sandwiches},
number = {1994},
title = {{Generalizations of biased reduced linearization}},
year = {2001}
}

@unpublished{Webb2013wild,
address = {Kingston, Ontario, Canada},
author = {Webb, M and MacKinnon, James G},
institution = {Department of Economics, Queen's University},
mendeley-groups = {sandwiches},
number = {1314},
series = {Working Paper},
title = {{Wild Bootstrap Inference for Wildly Different Cluster Sizes}},
year = {2013}
}
